% Example bibtex file for ISMIR Template

@inproceedings{anden2012scattering,
title={Scattering representation of modulated sounds},
author={And{\'e}n, Joakim and Mallat, St{\'e}phane},
booktitle={Proc. of the 15th Int. Conference on Digital Audio Effects (DAFx-12)},
year={2012}
}

@inproceedings{burgoyne2011,
author = {Burgoyne, John Ashley and Wild, Jonathan and Fujinaga, Ichiro},
isbn = {9780615548654},
booktitle = {Proc. ISMIR},
title = {An Expert Ground-Truth Set for Audio Chord Recognition and Music Analysis},
url = {http://ismir2011.ismir.net/papers/OS8-1.pdf},
year = {2011}
}


@phdthesis{chothesis,
title    = {Improved Techniques For Automatic Chord Recognition From Music Audio Signals},
school   = {New York University},
author   = {Cho, Taemin},
year     = {2013}
}

@inproceedings{cho2013mirex,
author = {Cho, Taemin and Bello, Juan P.},
title = {Large Vocabulary Chord Recognition System Using Multi-Band Features and a Multi-Stream HMM},
booktitle = {MIREX}
url = {http://www.music-ir.org/mirex/abstracts/2013/CB4.pdf},
year = {2013}
}


@inproceedings{bittner2014medley,
title={MedleyDB: A Multitrack Dataset For Annotation-Intensive MIR Research},
author={Bittner, Rachel and others},
booktitle={ISMIR},
year={2014}
}

@article{cho2014on,
author = {Taemin Cho and Bello, Juan P.},
title = {On the Relative Importance of Individual Components of Chord Recognition Systems},
journal = {IEEE/ACM Trans. Audio, Speech and Lang. Proc.},
issue_date = {February 2014},
volume = {22},
number = {2},
month = feb,
year = {2014},
issn = {2329-9290},
pages = {477--492},
numpages = {16},
url = {http://dx.doi.org/10.1109/TASLP.2013.2295926},
doi = {10.1109/TASLP.2013.2295926},
acmid = {2584496},
publisher = {IEEE Press},
address = {Piscataway, NJ, USA},
}

@inproceedings{dehaas2012,
author = {De Haas, W. Bas and Magalh{\~{a}}es, Jos{\'{e}} Pedro and Heggeler, Dion Ten and Bekenkamp, Gijs and Ruizendaal, Tijmen},
booktitle = {Proc. ISMIR},
title = {Chordify: Chord Transcription for the Masses},
url = {http://ismir2012.ismir.net/event/papers/LBD2.pdf},
year = {2012}
}

@inproceedings{ellis2007identifying,
  title={Identifying "cover songs" with chroma features and dynamic programming beat tracking},
  author={Ellis, Daniel P. W. and Poliner, Graham E},
  booktitle={Proc. ICASSP},
  year={2007},
}

@inproceedings{humphrey2015four,
author = {Eric J. Humphrey and Bello, Juan P.},
title = {Four Timely Insights On Automatic Chord Estimation},
booktitle={ISMIR},
year={2015}
}

@article{mallat1989theory,
  title={A theory for multiresolution signal decomposition: the wavelet representation},
  author={Mallat, Stephane G},
  journal={Pattern Analysis and Machine Intelligence, IEEE Transactions on},
  volume={11},
  number={7},
  pages={674--693},
  year={1989},
  publisher={Ieee}
}

@book{mallat2008wavelet,
  title={A Wavelet Tour of Signal Processing, 3\textsuperscript{rd} edition: The Sparse Way},
  author={Mallat, St{\'e}phane},
  year={2008},
  publisher={Academic press}
}

@article{mauch2012integrating,
author={M. Mauch and H. Fujihara and M. Goto},
journal={IEEE TASLP},
title={Integrating Additional Chord Information Into HMM-Based Lyrics-to-Audio Alignment},
year={2012},
volume={20},
number={1},
pages={200-210},
keywords={audio signal processing;hidden Markov models;inference mechanisms;information retrieval;music;speech processing;HMM;Markov chain;audio thumbnails generation;chord information;emission vector;hidden Markov model;inference procedure;karaoke scores;lyrics-to-audio alignment;mel-frequency cepstral coefficient;phoneme feature;song prompter;song-browsing;Feature extraction;Hidden Markov models;Instruments;Internet;Materials;Mel frequency cepstral coefficient;Audio user interfaces;hidden Markov models (HMMs);music;music information retrieval;speech processing},
doi={10.1109/TASL.2011.2159595},
ISSN={1558-7916},
month={Jan},}

@article{mcvicar2014automatic,
author={M. McVicar and R. Santos-Rodríguez and Y. Ni and T. D. Bie},
journal={IEEE/ACM Transactions on Audio, Speech, and Language Processing},
title={Automatic Chord Estimation from Audio: A Review of the State of the Art},
year={2014},
volume={22},
number={2},
pages={556-575},
keywords={feature extraction;information retrieval;learning (artificial intelligence);music;ACE;MIR;MIREX;audio signal;automatic chord estimation;feature extraction;model training;music information retrieval evaluation exchange;Accuracy;Feature extraction;Harmonic analysis;Spectrogram;Time-frequency analysis;Tuning;Vectors;Music information retrieval;expert systems;knowledge based systems;machine learning;supervised learning},
doi={10.1109/TASLP.2013.2294580},
ISSN={2329-9290},
month={Feb},}

@article{perez2009genre,
  title={Genre classification using chords and stochastic language models},
  author={P{\'e}rez-Sancho, Carlos and Rizo, David and Inesta, Jos{\'e} M},
  journal={Connection science},
  volume={21},
  number={2-3},
  pages={145--159},
  year={2009},
  publisher={Taylor \& Francis}
}

@inproceedings{raffel2014mir,
author = {Colin Raffel and Brian McFee and Eric J. Humphrey and Justin Salamon and Oriol Nieto and Dawen Liang and Daniel P. W. Ellis},
title = {mir\_eval: A Transparent Implementation of Common MIR Metrics},
booktitle={ISMIR},
year={2014}
}

@article{sifre2014rigid,
  title={Rigid-Motion Scattering for Texture Classification},
  author={Sifre, Laurent and Mallat, St{\'e}phane},
  journal={arXiv preprint arXiv:1403.1687},
  year={2014}
}
